<?xml version="1.0" encoding="UTF-8"?><collection xmlns="http://www.loc.gov/MARC21/slim"><record><leader>00376nam--2200133-i-4500</leader><controlfield tag="001">000047947</controlfield><controlfield tag="002">20161230</controlfield><controlfield tag="005">20161230201046</controlfield><controlfield tag="008">060222s1000------------r-----000-0-eng-d</controlfield><datafield ind1=" " ind2=" " tag="080"><subfield code="a">543.53</subfield></datafield><datafield ind1=" " ind2=" " tag="245"><subfield code="a">Wykaz literatury z zakresu analizy radioaaktywacyjnej</subfield></datafield><datafield ind1=" " ind2=" " tag="260"><subfield code="a">Warsaw, Centralna Biblioteka Nukleoniczna, 1961, 68p</subfield></datafield><datafield ind1=" " ind2=" " tag="490"><subfield code="a">01-20, Osrodek Informacji</subfield></datafield><datafield ind1=" " ind2=" " tag="852"><subfield code="a">D.1039</subfield></datafield></record></collection>